@article{dinardi10,
	author 	= "Mariacristina {De Nardi} and Eric French and John Bailey Jones",
	title		= "Why Do the Elderly Save? The Role of Medical Expenses",
	year		= "2010",
	journal	= "Journal of Political Economy",
	volume	= "118",
	number  = "1",
	pages		= "37-75"
}

@article{karni09,
	author 	= "Edi Karni",
	title		= "A Theory of Medical Decision Making Under Uncertainty",
	year		= "2009",
	journal	= "Journal of Risk and Uncertainty",
	volume	= "39",
	pages		= "1-16"
}

@article{yogo09,
	title = "Portfolio choice in retirement: Health risk and the demand for annuities, housing, and risky assets",
	journal = "Journal of Monetary Economics",
	volume = "80",
	pages = "17 - 34",
	year = "2016",
	issn = "0304-3932",
	doi = "https://doi.org/10.1016/j.jmoneco.2016.04.008",
	url = "http://www.sciencedirect.com/science/article/pii/S0304393216300204",
	author = "Motohiro Yogo",
}

@article{lockwood12,
	author 	= "Lee Lockwood",
	title		= "Incidental Bequests: Bequest Motives and the Choice to Self-Insure Late-Life Risks",
	year		= "2018",
	journal	= "American Economic Review",
	volume	= "forthcoming"
}

@article{bajari06,
	author 	= "Patrick Bajari and Han Hong and Ahmed Khwaja and Christina Marsh",
	title		= "Moral Hazard, Adverse Selection and Health Expenditures: A Semiparametric Analysis",
	year		= "2006",
	journal	= "{NBER} Working Paper",
	number  = "12445"

}

@article{saha93,
	author 	= "Atanu Saha",
	title		= "Expo-Power Utility: A `Flexible' Form for Absolute and Relative Risk Aversion",
	year		= "1993",
	journal	= "American Journal of Agricultural Economics",
	volume	= "75",
	pages		= "905-913"
}

@article{holt02,
	author 	= "Charles Holt and Susan Lowry",
	title		= "Risk Aversion and Incentive Effects in Lottery Choices",
	year		= "2002",
	journal	= "American Economic Review",
	volume	= "92",
	pages		= "1644-1655"
}

@article{abdel07,
	author 	= "Mohammad Abdellaoui and Carolina Barrios and Peter Wakker",
	title		= "Reconciling Introspective Utility with Revealed Preference: Experimental Arguments Based on Prospect Theory",
	year		= "2007",
	journal	= "Journal of Econometrics",
	volume	= "138",
	pages		= "356-378"
}

@article{finkel02,
	author 	= "Amy Finkelstein",
	title		= "When Can Partial Public Insurance Produce Pareto Improvements?",
	year		= "2002",
	journal	= "{NBER} Working Paper",
	number  = "9035",
}

@article{vera03,
	author 	= "Marcos Vera-Hern\`{a}ndez",
	title		= "Structural Estimation of A Principal-Agent Model: Moral Hazard in Medical Insurance",
	year		= "2003",
	journal	= "{RAND} Journal of Economics",
	volume	= "34",
	number  = "4",
	pages		= "670-693"
}

@article{finkel08,
	author 	= "Amy Finkelstein and Erzo F.P. Luttmer and Matthew J. Notowidigo",
	title		= "What Good Is Wealth Without Health? {T}he Effect of Health on the Marginal Utility of Consumption",
	year		= "2013",
	journal	= "Journal of the European Economic Association",
	volume  = "11",
	pages	= "221-258"
}

@article{finkel06,
	author 	= "Amy Finkelstein and James Poterba",
	title		= "Testing for Adverse Selection with ``Unused Observables''",
	year		= "2006",
	journal	= "{NBER} Working Paper",
	number  = "12112",
}

@article{darby73,
	author 	= "Michael Darby and Edi Karni",
	title		= "Free Competition and the Optimal Amount of Fraud",
	year		= "1973",
	journal	= "Journal of Law and Economics",
	volume	= "16",
	number  = "1",
	pages		= "67-88"
}

@article{blom91,
	author 	= "\r{A}ke Blomqvist",
	title		= "The Doctor as Double Agent: Information Asymmetry, Health Insurance, and Medical Care",
	year		= "1991",
	journal	= "Journal of Health Economics",
	volume	= "10",
	pages		= "411-432"
}

@article{french11,
	author 	= "Eric French and John Bailey Jones",
	title		= "The Effects of Health Insurance and Self-Insurance on Retirement Behavior",
	year		= "2011",
	journal	= "Econometrica",
	volume	= "79",
	number  = "3",
	pages		= "693-732"
}

@article{johnston06,
	author 	= "Carl A. Johnston",
	title		= "Modeling Origins of Medical Inflation: Computational Agents as Health Insurers, Consumers, and Doctors",
	year		= "2006",
	journal	= "Presentation to Society for Computational Economics",
}

@article{weisbrod91,
	author 	= "Burton A. Weisbrod",
	title		= "The Health Care Quadrilemma: An Essay on Technological Change, Insurance, Quality of Care, and Cost Containment",
	year		= "1991",
	journal	= "Journal of Economic Literature",
	volume	= "29",
	pages		= "523-552"
}

@article{cohen08,
	author 	= "Joshua T. Cohen and Peter J. Neumann and Milton C. Weinstein",
	title		= "Does Preventive Care Save Money? {H}ealth Economics and the Presidential Candidates",
	year		= "2008",
	journal	= "New England Journal of Medicine",
	volume	= "358",
	number  = "7",
	pages		= "661-663"
}

@article{russell09,
	author 	= "Louise B. Russell",
	title		= "Preventing Chronic Disease: An Important Investment, But Don't Count On Cost Savings",
	year		= "2009",
	journal	= "Health Affairs",
	volume	= "28",
	number  = "1",
	pages		= "42-45"
}

@article{russell07,
	author 	= "Louise B. Russell",
	title		= "Prevention's Potential For Slowing the Growth of Medical Spending",
	year		= "2007",
	journal	= "National Coalition on Health Care"
}

@article{depreux11,
	author 	= "Laure B. DePreux",
	title		= "Anticipatory Moral Hazard and the Effect of Medicare on Prevention",
	year		= "2011",
	journal	= "Health Economics",
	volume	= "20",
	pages		= "1056-1072"
}

@article{huang09,
	author 	= "Elbert S. Huang and Anirban Basu and Michael J. O'Grady and James C. Capretta",
	title		= "Using Clinical Information to Project Federal Health Care Spending",
	year		= "2009",
	journal	= "Health Affairs",
	volume	= "28",
	number  = "5",
	pages		= "978-990"
}

@article{russell93,
	author 	= "Louise B. Russell",
	title		= "The Role of Prevention in Health Reform",
	year		= "1993",
	journal	= "New England Journal of Medicine",
	volume	= "329",
	number  = "5",
	pages		= "352-354"
}

@article{fries93,
	author 	= "James F. Fries and C. Everett Koop and Carson E. Beadle and Paul P. Cooper and Mary Jane England and Roger F. Greaves and Jacque J. Sokolov and Daniel Wright",
	title		= "Reducing Health Care Costs By Reducing the Need and Demand for Medical Services",
	year		= "1993",
	journal	= "New England Journal of Medicine",
	volume	= "329",
	number  = "5",
	pages		= "321-325"
}

@article{blau08,
	author 	= "David M. Blau and Donna B. Gilleskie",
	title		= "The Role of Retiree Health Insurance in the Employment Behavior of Older Men",
	year		= "2008",
	journal	= "International Economic Review",
	volume	= "49",
	number  = "2",
	pages		= "475-514"
}

@article{conley11,
	author 	= "Dalton Conley and Jason Alan Thompson",
	title		= "Health Shocks, Insurance Status, and Net Worth: Intra- and Inter-Generational Effects",
	year		= "2011",
	journal	= "{NBER} Working Paper",
	volume	= "16857"
}

@article{khwaja10,
	author 	= "Ahmed Khwaja",
	title		= "Estimating Willingness to Pay for Medicare Using a Dynamic Life-Cycle Model of
	Demand for Health Insurance",
	year		= "2010",
	journal	= "Journal of Econometrics",
	volume	= "156",
	pages		= "130-147"
}

@article{CBO1,
	author 	= "Peter Orzsag",
	title		= "The Long Term Outlook for Health Care Spending",
	year		= "2007",
	journal	= "CBO Report",
	volume	= "http://www.cbo.gov/ftpdocs/87xx/doc8758/11-13-LT-Health.pdf",
}

@article{CBO3,
	author 	= "Timothy F. Geithner and Hilda L. Solis and Kathleen Sebelius and Michael J. Astrue and Charlene M. Frizzera",
	title		= "Annual Report of the Boards of Trustees of the Federal Hospital Insurance and Federal Supplementary Medical Insurance Trust Funds",
	year		= "2009",
	journal	= "CMS Report",
	volume	= "https://www.cms.gov/ReportsTrustFunds/downloads/tr2009.pdf",
}

@article{CBO2,
	author 	= "Douglas Elmendorf",
	title		= "The Long Term Budget Outlook",
	year		= "2010",
	journal	= "CBO Report",
	volume	= "http://www.cbo.gov/ftpdocs/115xx/doc11579/06-30-LTBO.pdf",
}

@article{french05,
	author 	= "Eric French",
	title		= "The Effects of Health, Wealth, and Wages on Labor Supply and Retirement Behavior",
	year		= "2005",
	journal	= "Review of Economic Studies",
	volume	= "72",
	pages		= "395-427"
}

@article{gilleskie98,
	author 	= "Donna B. Gilleskie",
	title		= "A Dynamic Stochastic Model of Medical Care Use and Work Absence",
	year		= "1998",
	journal	= "Econometrica",
	volume	= "66",
	pages		= "1-45"
}

@article{ellis07,
	author 	= "Randall P. Ellis and Willard G. Manning",
	title		= "Optimal Health Insurance for Prevention and Treatment",
	year		= "2007",
	journal	= "Journal of Health Economics",
	volume	= "26",
	pages		= "1128-1150"
}

@article{vander08,
	author 	= "Wilbert {van der Klauw} and Kenneth I. Wolpin",
	title		= "2008",
	year		= "Social Security and the Retirement and Savings Behavior of Low Income Households",
	journal	= "Journal of Econometrics",
	volume	= "145",
	number  = "1-2",
	pages		= "21-42"
}

@article{yang08,
	author 	= "Zhou Yang and Donna B. Gilleskie and Edward Norton",
	title		= "Health Insurance, Medical Care, and Health Outcomes: A Model of Elderly Health Dynamics",
	year		= "2009",
	journal	= "Journal of Human Resources",
	volume	= "44",
	number  = "1",
	pages		= "47-114"
}

@article{blau06,
	author 	= "David M. Blau and Donna B. Gilleskie",
	title		= "Health Insurance and Retirement of Married Couples",
	year		= "2006",
	journal	= "Journal of Applied Econometrics",
	volume	= "21",
	number  = "7",
	pages		= "935-953"
}

@article{bound04,
	author 	= "John Bound and Todd R. Stinebrickner and Timothy A. Waidman",
	title		= "Health, economic resources and the work decisions of older men ",
	year		= "2010",
	journal	= "Journal of Econometrics",
	volume	= "156",
	number  = "1",
	pages		= "106-129"
}

@article{fang07,
	author 	= "Hanming Fang and Michael P. Keane and Ahmed Khwaja and Dan Silverman",
	title		= "Testing the Mechanisms of Structural Models: The Case of the Mickey Mantle Effect",
	year		= "2007",
	journal	= "American Economic Review, Papers \& Proceedings",
	volume	= "97",
	number  = "2",
	pages		= "53-59"
}

@article{grossman72,
	author 	= "Michael Grossman",
	title		= "On the Concept of Health Capital and the Demand for Health",
	year		= "1972",
	journal	= "Journal of Political Economy",
	volume	= "80",
	number  = "2",
	pages		= "223-255"
}

@article{carroll97a,
	author 	= "Christopher D. Carroll and Andrew A. Samwick",
	title		= "The Nature of Precautionary Wealth",
	year		= "1997",
	journal	= "Journal of Monetary Economics",
	volume	= "40",
	number  = "1",
	pages		= "41-71"
}

@article{carroll97b,
	author 	= "Christopher D. Carroll",
	title		= "Buffer Stock Saving and the Life Cycle/Permanent Income Hypothesis",
	year		= "1997",
	journal	= "Quarterly Journal of Economics",
	volume	= "112",
	number  = "1",
	pages		= "1-56"
}

@article{attanasio04,
	author 	= "Orazio Attanasio and Hamish Low",
	title		= "Estimating Euler Equations",
	year		= "2004",
	journal	= "Review of Economic Dynamics",
	volume	= "7",
	pages		= "405-435"
}

@article{ozkan14,
	author 	= "Serdar Ozkan",
	title		= "Preventive vs. Curative Medicine: A Macroeconomic Analysis of Health Care Over the Life Cycle",
	year		= "2014",
	journal	= "Working paper",
}

@article{hugonnier12,
	author 	= "Julien Hugonnier and Florian Pelgrin and Pascal St-Amour",
	title		= "Health and (Other) Asset Holdings",
	year		= "2012",
	journal	= "Review of Economic Studies",
	volume	= "9",
    number  = "4",
}

@article{currie08,
	author 	= "Janet Currie",
	title		= "Healthy, Wealthy, and Wise: Socioeconomic Status, Poor Health in Childhood, and Human",
	year		= "2008",
	journal	= "{NBER} Working Paper",
	number  = "13987"
}

@article{arcidiacono07,
	author 	= "Peter Arcidiacono and Holger Sieg and Frank Sloan",
	title		= "Living Rationally Under the Volcano? An Empirical Analysis of Heavy Drinking and Smoking",
	year		= "2007",
	journal	= "International Economic Review",
	volume	= "48",
    number  = "1",
    pages   = "37-65"
}

@article{deaton03,
	author 	= "Angus Deaton",
	title		= "Health, Inequality, and Economic Development",
	year		= "2003",
	journal	= "Journal of Economic Literature",
	volume	= "41",
    pages   = "113-138"
}

@article{deaton02,
	author 	= "Angus Deaton",
	title		= "Policy Implications Of The Gradient Of Health And Wealth",
	year		= "2002",
	journal	= "Health Affairs",
	volume	= "21",
    number  = "2",
    pages   = "13-30"
}

@article{thorpe04,
	author 	= "Curtis S. Florence  and  Peter Joski and Kenneth E. Thorpe",
	title		= "Which Medical Conditions Account For The Rise In Health Care Spending?",
	year		= "2004",
	journal	= "Health Affairs",
	volume	= "W4",
}

@inbook{case03,
	author 	= "Anne Case and Angus Deaton",
	editor	= "David A. Wise",
	title		= "Analyses in the Economics of Aging",
	chapter	= "6",
	year		= "2005",
	publisher	= "University of Chicago Press",
	isbn	= "0-226-90286-2"
}

@inbook{kenkel,
    author  = "Donald Kenkel",
    editor  = "A.J. Cuyler and J.P. Newhouse",
    title   = "Handbook of Health Economics",
    volume  = "1",
    chapter = "31",
    pages   = "1675-1720",
    publisher   = "Elsevier"
}

@article{caplin11,
	author 	= "John Ameriks and Andrew Caplin and Steven Laufer and Stijn Van Nieuwerburgh",
	title	= "The Joy of Giving or Assisted Living? Using Strategic Surveys to Separate Public Care Aversion from Bequest Motives",
	year	= "2011",
	journal	= "Journal of Finance",
	volume	= "66",
    number  = "2",
    pages   = "519-561"
}

@article{hall07,
	author 	= "Robert Hall and Charles Jones",
	title		= "The Value of Life and the Rise in Health Spending",
	year		= "2007",
	journal	= "Quarterly Journal of Economics",
	volume	= "122",
	number	= "1",
	pages	= "39-72"
}

@article{white15,
	author 	= "Matthew N. White",
	title		= "The Method of Endogenous Gridpoints in Theory and Practice",
	year		= "2015",
	journal	= "Journal of Economic Dynamics and Control",
	volume	= "60",
	pages	= "26-41"
}

@article{jorgensen17,
	author 	= "Thomas Jorgensen and Jeppe Druedahl",
	title		= "A General Endogenous Grid Method for Multi-Dimensional Models with Non-Convexities and Constraints",
	year		= "2017",
	journal	= "Journal of Economic Dynamics and Control",
	volume	= "74",
	pages		= "87-107"
}


@techreport{aizawa15,
	title = "Naoki Aizawa and Hanming Fang",
	author = "Naoki Aizawa and Hanming Fang",
	institution = "National Bureau of Economic Research",
	type = "Working Paper",
	series = "Working Paper Series",
	number = "18698",
	year = "2015",
}

@article{cagetti03,
	author 	= "Marco Cagetti",
	title		= "Wealth Accumulation over the Life Cycle and Precautionary Savings",
	year		= "2003",
	journal	= "Journal of Business and Economic Statistics",
	volume	= "21",
	number	="3",
	pages	= "339-353"
}

@article{einav13,
	author 	= "Liran Einav and Amy Finkelstein and Stephen P. Ryan and Paul Schrimpf and Mark R. Cullen",
	title	= "Selection on Moral Hazard in Health Insurance",
	year	= "2013",
	journal	= "American Economic Review",
	volume	= "103",
	number	="1",
	pages	= "178-219"
}

@article{cardon01,
	author 	= "James H. Cardon and Igal Hendel",
	title	= "Asymmetric Information in Health Insurance: Evidence from the National Medical
	Expenditure Survey",
	year	= "2001",
	journal	= "RAND Journal of Economics",
	volume	= "32",
	number	="3",
	pages	= "408-427"
}

@article{cronin16,
	author 	= "Christopher J. Cronin",
	title		= "Insurance-Induced Moral Hazard: A Dynamic Model of Within-Year Medical Care Decision Making Under Uncertainty",
	year		= "2018",
	journal	= "International Economic Review",
	volume = "forthcoming"
}

@article{Fella14,
	author 		= "Giulio Fella",
	title		= "A Generalized Endogenous Grid Method for Non-Concave Problems",
	year		= "2014",
	journal		= "Review of Economic Dynamics",
	volume		= "17",
	number		= "2",
	pages		= "329-344"
}

@article{carroll06,
	author 		= "Christopher D. Carroll",
	title		= "The Method of Endogenous Gridpoints for Solving Dynamic Stochastic Optimization Problems",
	year		= "2006",
	journal		= "Economics Letters",
	volume		= "91",
	pages		= "312-320"
}

@article{newhouse87,
 ISSN = {00257079},
 URL = {http://www.jstor.org/stable/3765515},
 author = {Joseph P. Newhouse and Willard G. Manning and Naihua Duan and Carl N. Morris and Emmett B. Keeler and Arleen Leibowitz and M. Susan Marquis and William H. Rogers and Allyson R. Davies and Kathleen N. Lohr and John E. Ware and Robert H. Brook},
 journal = {Medical Care},
 number = {2},
 pages = {157--179},
 publisher = {Lippincott Williams & Wilkins},
 title = {The Findings of the Rand Health Insurance Experiment: A Response to Welch et al.},
 volume = {25},
 year = {1987}
}

@article{french04,
author = {Eric French and John Bailey Jones},
title = {On the distribution and dynamics of health care costs},
year = {2004},
journal = {Journal of Applied Econometrics},
volume = {19},
number = {6},
pages = {705-721},
doi = {10.1002/jae.790},
url = {https://onlinelibrary.wiley.com/doi/abs/10.1002/jae.790}
}

@techreport{pashchenko18,
 title = "The Lifetime Costs of Bad Health",
 author = "Mariacristina {De Nardi} and Svetlana Pashchenko and Ponpoje Porapakkarm",
 institution = "National Bureau of Economic Research",
 type = "Working Paper",
 series = "Working Paper Series",
 number = "23963",
 year = "2017",
 month = "October",
 doi = {10.3386/w23963}
}

@article{chetty16,
author = {Raj Chetty and Michael Stepner and Sarah Abraham and Shelby Lin and Benjamin Scuderi and Nicholas Turner and Augustin Bergeron and David Cutler},
title = {The association between income and life expectancy in the united states, 2001-2014},
journal = {JAMA},
volume = {315},
number = {16},
pages = {1750-1766},
year = {2016},
doi = {10.1001/jama.2016.4226},
URL = { + http://dx.doi.org/10.1001/jama.2016.4226},
eprint = {/data/journals/jama/935237/jsc160006.pdf}
}

@article{aizawa17,
	author 	= "Naoki Aizawa",
	title		= "Labor Market Sorting and Health Insurance System Design",
	year		= "2017",
	journal	= "Working paper"
}

@article{papageorge16,
author = {Nicholas Papageorge},
title = {Why medical innovation is valuable: Health, human capital, and the labor market},
journal = {Quantitative Economics},
year = {2016},
volume = {7},
number = {3},
pages = {671-725},
keywords = {Innovation, health, human capital, labor, structural models, HIV/ AIDS, I10, J24, O31},
doi = {10.3982/QE459},
url = {https://onlinelibrary.wiley.com/doi/abs/10.3982/QE459},
eprint = {https://onlinelibrary.wiley.com/doi/pdf/10.3982/QE459}
}

@Article{ludwig18,
author="Alexander Ludwig and Matthias Sch{\"o}n",
title="Endogenous Grids in Higher Dimensions: Delaunay Interpolation and Hybrid Methods",
journal="Computational Economics",
year="2018",
month="Mar",
day="01",
volume="51",
number="3",
pages="463--492",
issn="1572-9974",
doi="10.1007/s10614-016-9611-2",
url="https://doi.org/10.1007/s10614-016-9611-2"
}

@article{gourieroux93,
 ISSN = {08837252, 10991255},
 URL = {http://www.jstor.org/stable/2285076},
 author = {C. Gourieroux and A. Monfort and E. Renault},
 journal = {Journal of Applied Econometrics},
 pages = {S85--S118},
 publisher = {Wiley},
 title = {Indirect Inference},
 volume = {8},
 year = {1993}
}

@article{asch00,
author = {Stephen M. Asch and Elizabeth M. Sloss and Christopher Hogan and Robert H. Brook and Richard L. Kravitz},
title = {Measuring underuse of necessary care among elderly medicare beneficiaries using inpatient and outpatient claims},
journal = {Journal of the American Medical Association},
volume = {284},
number = {18},
pages = {2325-2333},
year = {2000},
doi = {10.1001/jama.284.18.2325},
URL = { + http://dx.doi.org/10.1001/jama.284.18.2325},
eprint = {/data/journals/jama/4759/joc00215.pdf}
}

@article{chao87,
title = "Use of preventive care by the elderly",
journal = "Preventive Medicine",
volume = "16",
number = "5",
pages = "710 - 722",
year = "1987",
issn = "0091-7435",
doi = "https://doi.org/10.1016/0091-7435(87)90053-3",
url = "http://www.sciencedirect.com/science/article/pii/0091743587900533",
author = "Ann Chao and Annlia Paganini-Hill and Ronald K. Ross and Brian E. Henderson"
}

@article{keyhani07,
author = {Salomeh Keyhani and Joseph S. Ross and Paul Hebert and Cornelia Dellenbaugh and Joan D. Penrod and Albert L. Siu},
title = {Use of Preventive Care by Elderly Male Veterans Receiving Care Through the Veterans Health Administration, Medicare Fee-for-Service, and Medicare HMO Plans},
journal = {American Journal of Public Health},
volume = {97},
number = {12},
pages = {2179-2185},
year = {2007},
doi = {10.2105/AJPH.2007.114934},
}

@article{hsieh97,
 ISSN = {0022166X},
 URL = {http://www.jstor.org/stable/146217},
 journal = {Journal of Human Resources},
 author = {Chee-Ruey Hsieh and Shin-Jong Lin},
 number = {2},
 pages = {308--333},
 publisher = {[University of Wisconsin Press, Board of Regents of the University of Wisconsin System]},
 title = {Health Information and the Demand for Preventive Care among the Elderly in Taiwan},
 volume = {32},
 year = {1997}
}


@article{neumann14,
	author = {Neumann, Peter J. and Cohen, Joshua T. and Weinstein, Milton C.},
	title = {Updating Cost-Effectiveness â€” The Curious Resilience of the \$50,000-per-QALY Threshold},
	journal = {New England Journal of Medicine},
	volume = {371},
	number = {9},
	pages = {796-797},
	year = {2014},
	doi = {10.1056/NEJMp1405158},
	URL = {https://doi.org/10.1056/NEJMp1405158},
	eprint = {https://doi.org/10.1056/NEJMp1405158}	
}



@article{cstwMPC,
	author = {Christopher Carroll and Jiri Slacalek and Kiichi Tokuoka and Matthew N. White},
	title = {The distribution of wealth and the marginal propensity to consume},
	year = {2017},
	journal = {Quantitative Economics},
	volume = {8},
	number = {3},
	pages = {977-1020},
	keywords = {Wealth distribution, marginal propensity to consume, heterogeneity, inequality, D12, D31, D91, E21},
	doi = {10.3982/QE694},
	url = {https://onlinelibrary.wiley.com/doi/abs/10.3982/QE694},
	eprint = {https://onlinelibrary.wiley.com/doi/pdf/10.3982/QE694},
}


@incollection{currie99,
	title = "Health, health insurance and the labor market",
	booktitle = "Handbook of Labor Economics",
	publisher = "Elsevier",
	volume = "3",
	pages = "3309 - 3416",
	year = "1999",
	issn = "1573-4463",
	doi = "https://doi.org/10.1016/S1573-4463(99)30041-9",
	url = "http://www.sciencedirect.com/science/article/pii/S1573446399300419",
	author = "Janet Currie and Brigitte C. Madrian",
	note = "Chapter 50"
}


@book{russell86,
	title={Is Prevention Better Than Cure?},
	author={Louise B. Russell},
	isbn={9780815776314},
	lccn={lc85021250},
	series={Studies in social economics},
	url={https://books.google.com/books?id=9S5bDPZy6j0C},
	year={1986},
	publisher={Brookings Institution}
}

@article{hogan01,
	author = {Christopher Hogan and June Lunney and Jon Gabel and Joanne Lynn},
	title = {Medicare Beneficiaries’ Costs Of Care In The Last Year Of Life},
	year = {2001},
	journal = {Health Affairs},
	volume = {20},
	number = {4}
}